%! Author = david
%! Date = 09/01/2023

@article{bartos2021bma,
    title = {Bayesian model-averaged meta-analysis in medicine},
    author = {Barto{\v{s}}, Franti{\v{s}}ek and Gronau, Quentin F and Timmers, Bram and Otte, Willem M and Ly, Alexander and Wagenmakers, Eric-Jan},
    journal = {Statistics in Medicine},
    volume = {40},
    number = {30},
    pages = {6743--6761},
    year = {2021},
    publisher = {Wiley Online Library},
    addendum = {\href{https://doi.org/10.1002/jrsm.1594}{DOI}},
}

@article{maier2022,
    title = {Robust Bayesian meta-analysis: Addressing publication bias with model-averaging.},
    author = {Maier, Maximilian and Barto{\v{s}}, Franti{\v{s}}ek and Wagenmakers, Eric-Jan},
    journal = {Psychological Methods},
    year = {2022},
    publisher = {American Psychological Association},
    addendum = {\href{https://doi.org/10.1037/met0000405}{DOI}}
}

@article{bartos2021,
    title = {Robust Bayesian Meta-Analysis: Model-Averaging Across Complementary Publication Bias Adjustment Methods},
    author = {Barto{\v{s}}, Franti{\v{s}}ek and Maier, Maximilian and Wagenmakers, Eric-Jan and Doucouliagos, Hristos and Stanley, TD},
    year = {2021},
    publisher = {PsyArXiv},
    addendum = {\href{https://doi.org/10.31234/osf.io/kvsp7}{DOI}}
}

@article{fragoso2018,
    title = {Bayesian model averaging: A systematic review and conceptual classification},
    author = {Fragoso, Tiago M and Bertoli, Wesley and Louzada, Francisco},
    journal = {International Statistical Review},
    volume = {86},
    number = {1},
    pages = {1--28},
    year = {2018},
    publisher = {Wiley Online Library},
    addendum = {\href{http://dx.doi.org/10.1111/insr.12243}{DOI}}
}

@article{gronau2021,
    title = {A primer on Bayesian model-averaged meta-analysis},
    author = {Gronau, Quentin F and Heck, Daniel W and Berkhout, Sophie W and Haaf, Julia M and Wagenmakers, Eric-Jan},
    journal = {Advances in Methods and Practices in Psychological Science},
    volume = {4},
    number = {3},
    pages = {25152459211031256},
    year = {2021},
    publisher = {Sage Publications Sage CA: Los Angeles, CA},
    addendum = {\href{https://doi.org/10.1177/25152459211031256}{DOI}}
}

@article{hinne2020,
    title = {A conceptual introduction to Bayesian model averaging},
    author = {Hinne, Max and Gronau, Quentin F and van den Bergh, Don and Wagenmakers, Eric-Jan},
    journal = {Advances in Methods and Practices in Psychological Science},
    volume = {3},
    number = {2},
    pages = {200--215},
    year = {2020},
    publisher = {Sage Publications Sage CA: Los Angeles, CA},
    addendum = {\href{https://doi.org/10.1177/2515245919898657}{DOI}}
}

@article{bem2011,
    title = {Must psychologists change the way they analyze their data?},
    author = {Bem, Daryl J and Utts, Jessica and Johnson, Wesley O},
    year = {2011},
    publisher = {American Psychological Association},
    addendum = {\href{https://psycnet.apa.org/doi/10.1037/a0024777}{DOI}},
}

@article{bartos2022,
    title = {Adjusting for publication bias in JASP and R: Selection models, PET-PEESE, and robust Bayesian meta-analysis},
    author = {Barto{\v{s}}, Franti{\v{s}}ek and Maier, Maximilian and Quintana, Daniel S and Wagenmakers, Eric-Jan},
    journal = {Advances in Methods and Practices in Psychological Science},
    volume = {5},
    number = {3},
    pages = {25152459221109259},
    year = {2022},
    publisher = {SAGE Publications Sage CA: Los Angeles, CA},
    addendum = {\href{https://doi.org/10.31234/osf.io/75bqn}{DOI}}
}

@article{jefferysberger1992,
    title = {Ockham's razor and Bayesian analysis},
    author = {Jefferys, William H and Berger, James O},
    journal = {American scientist},
    volume = {80},
    number = {1},
    pages = {64--72},
    year = {1992},
    publisher = {JSTOR},
    addendum = {\href{https://www.jstor.org/stable/29774559}{DOI}}
}

@article{roudermorey2019,
    title = {Teaching Bayesâ€™ theorem: Strength of evidence as predictive accuracy},
    author = {Rouder, Jeffrey N and Morey, Richard D},
    journal = {The American Statistician},
    year = {2019},
    publisher = {Taylor \& Francis},
    addendum = {\href{https://doi.org/10.1080/00031305.2017.1341334}{DOI}}
}

@article{etzwagenmakers2017,
    title = {JBS Haldane's contribution to the Bayes factor hypothesis test},
    author = {Etz, Alexander and Wagenmakers, Eric-Jan},
    journal = {Statistical Science},
    pages = {313--329},
    year = {2017},
    publisher = {JSTOR},
    addendum = {\href{https://doi.org/10.1214/16-STS599}{DOI}}
}

@article{wrinchjeffreys1921,
    title = {XLII. On certain fundamental principles of scientific inquiry},
    author = {Wrinch, Dorothy and Jeffreys, Harold},
    journal = {The London, Edinburgh, and Dublin Philosophical Magazine and Journal of Science},
    volume = {42},
    number = {249},
    pages = {369--390},
    year = {1921},
    publisher = {Taylor \& Francis},
    addendum = {\href{https://doi.org/10.1080/14786442108633773}{DOI}}
}

@article{kassraftery1995,
    title = {Bayes factor and model uncertainty},
    author = {Kass, Robert E and Raftery, Adrian E},
    journal = {Journal of the American Statistical Association},
    volume = {90},
    number = {430},
    pages = {773--795},
    year = {1995},
    addendum = {\href{https://doi.org/10.1080/01621459.1995.10476572}{DOI}}
}

@article{clyde2011,
    title = {Bayesian adaptive sampling for variable selection and model averaging},
    author = {Clyde, Merlise A and Ghosh, Joyee and Littman, Michael L},
    journal = {Journal of Computational and Graphical Statistics},
    volume = {20},
    number = {1},
    pages = {80--101},
    year = {2011},
    publisher = {Taylor \& Francis},
    addendum = {\href{https://doi.org/10.1198/jcgs.2010.09049}{DOI}}
}

@article{kvarven2020,
    title = {Comparing meta-analyses and preregistered multiple-laboratory replication projects},
    author = {Kvarven, Amanda and Str{\o}mland, Eirik and Johannesson, Magnus},
    journal = {Nature Human Behaviour},
    volume = {4},
    number = {4},
    pages = {423--434},
    year = {2020},
    publisher = {Nature Publishing Group},
    addendum = {\href{https://doi.org/10.1038/s41562-019-0787-z}{DOI}}
}

@article{cartermccullough2014,
    title = {Publication bias and the limited strength model of self-control: has the evidence for ego depletion been overestimated?},
    author = {Carter, Evan C and McCullough, Michael E},
    journal = {Frontiers in psychology},
    volume = {5},
    pages = {823},
    year = {2014},
    publisher = {Frontiers Media SA},
    addendum = {\href{https://doi.org/10.3389/fpsyg.2014.00823}{DOI}}
}

@article{moreno2009,
    title = {Novel methods to deal with publication biases: secondary analysis of antidepressant trials in the FDA trial registry database and related journal publications},
    author = {Moreno, Santiago G and Sutton, Alex J and Turner, Erick H and Abrams, Keith R and Cooper, Nicola J and Palmer, Tom M and Ades, AE},
    journal = {Bmj},
    volume = {339},
    year = {2009},
    publisher = {British Medical Journal Publishing Group},
    addendum = {\href{https://doi.org/10.1136/bmj.b2981}{DOI}}
}

@article{stanleydoucouliagos2017,
    title = {Neither fixed nor random: weighted least squares meta-regression},
    author = {Stanley, Tom D and Doucouliagos, Hristos},
    journal = {Research synthesis methods},
    volume = {8},
    number = {1},
    pages = {19--42},
    year = {2017},
    publisher = {Wiley Online Library},
    addendum = {\href{https://doi.org/10.1002/jrsm.1211}{DOI}}
}

@article{hoeting1999,
    title = {Bayesian model averaging: a tutorial (with comments by M. Clyde, David Draper and EI George, and a rejoinder by the authors},
    author = {Hoeting, Jennifer A and Madigan, David and Raftery, Adrian E and Volinsky, Chris T},
    journal = {Statistical science},
    volume = {14},
    number = {4},
    pages = {382--417},
    year = {1999},
    publisher = {Institute of Mathematical Statistics},
    addendum = {\href{https://doi.org/10.1214/ss/1009212519}{DOI}}
}

@book{jeffreys1998,
    title = {The theory of probability},
    author = {Jeffreys, Harold},
    year = {1998},
    publisher = {OUP Oxford},
    url = {https://www.google.co.uk/books/edition/The_Theory_of_Probability/vh9Act9rtzQC?hl=en&gbpv=1&dq=Jeffreys,+H.+(1961).+Theory+of+probability+(3rd+ed.).+Oxford+University+Press.&pg=PA1&printsec=frontcover},
    note = "Accessed on 20 October 2022"
}

@article{wagenmakers2016,
    title = {Bayesian benefits for the pragmatic researcher},
    author = {Wagenmakers, Eric-Jan and Morey, Richard D and Lee, Michael D},
    journal = {Current Directions in Psychological Science},
    volume = {25},
    number = {3},
    pages = {169--176},
    year = {2016},
    publisher = {Sage Publications Sage CA: Los Angeles, CA},
    addendum = {\href{https://doi.org/10.1177/0963721416643289}{DOI}}
}

@inproceedings{jeffreys1935,
    title = {Some tests of significance, treated by the theory of probability},
    author = {Jeffreys, Harold},
    booktitle = {Mathematical proceedings of the Cambridge philosophical society},
    volume = {31},
    number = {2},
    pages = {203--222},
    year = {1935},
    organization = {Cambridge University Press},
    addendum = {\href{https://doi.org/10.1017/S030500410001330X}{DOI}}
}

@book{leamer1978,
    title = {Specification searches: Ad hoc inference with nonexperimental data},
    author = {Leamer, Edward E and Leamer, Edward E},
    volume = {53},
    year = {1978},
    publisher = {John Wiley \& Sons Incorporated}
}

@book{leewagenmakers2013,
    title = {Bayesian cognitive modeling: A practical course},
    author = {Lee, Michael D and Wagenmakers, Eric-Jan},
    year = {2013},
    publisher = {Cambridge university press},
    url = {https://www.google.co.uk/books/edition/Bayesian_Cognitive_Modeling/Gq6kAgAAQBAJ?hl=en&gbpv=1&dq=Lee%2C%20M.%20D.%2C%20%26%20Wagenmakers%2C%20E.-J.%20(2013).%20Bayesian%20cognitive%20modeling%3A%20A%20practical%20course.%20Cambridge%20University%20Press&pg=PR11&printsec=frontcover},
    note = "Accessed on 21 October 2022"
}

@article{madigan1995,
    title = {Eliciting prior information to enhance the predictive performance of Bayesian graphical models},
    author = {Madigan, David and Gavrin, Jonathan and Raftery, Adrian E},
    journal = {Communications in Statistics-Theory and Methods},
    volume = {24},
    number = {9},
    pages = {2271--2292},
    year = {1995},
    publisher = {Taylor \& Francis},
    addendum = {\href{https://doi.org//10.1080/03610929508831616}{DOI}}
}

@article{raftery1993,
    title = {Bayesian model selection in structural equation models},
    author = {Raftery, Adrian},
    journal = {Sage Focus Editions},
    volume = {154},
    pages = {163--163},
    year = {1993},
    publisher = {Sage Publications},
    url = {https://www.google.co.uk/books/edition/Testing_Structural_Equation_Models/FvIxxeYDLx4C?hl=en&gbpv=1&pg=PA163&printsec=frontcover}
}

@article{draper1995,
    title = {Assessment and propagation of model uncertainty},
    author = {Draper, David},
    journal = {Journal of the Royal Statistical Society: Series B (Methodological)},
    volume = {57},
    number = {1},
    pages = {45--70},
    year = {1995},
    publisher = {Wiley Online Library},
    addendum = {\href{ https://doi.org/10.1111/j.2517-6161.1995.tb02015.x}{DOI}}
}

@book{rafteryetal1993,
    title = {Model selection and accounting for model uncertainty in linear regression models},
    author = {Raftery, Adrian and Hoeting, Jennifer and Madigan, David},
    year = {1993},
    publisher = {Citeseer}
}

@article{madiganraftery1994,
    title = {Model selection and accounting for model uncertainty in graphical models using Occam's window},
    author = {Madigan, David and Raftery, Adrian E},
    journal = {Journal of the American Statistical Association},
    volume = {89},
    number = {428},
    pages = {1535--1546},
    year = {1994},
    publisher = {Taylor \& Francis},
    addendum = {\href{https://doi.org/10.1080/01621459.1994.10476894}{DOI}}
}

@article{taplin1993,
    title = {Robust likelihood calculation for time series},
    author = {Taplin, Ross H},
    journal = {Journal of the Royal Statistical Society: Series B (Methodological)},
    volume = {55},
    number = {4},
    pages = {829--836},
    year = {1993},
    publisher = {Wiley Online Library},
    addendum = {\href{https://doi.org/10.1111/j.2517-6161.1993.tb01943.x}{DOI}}
}

@article{volinsky1997,
    title = {Bayesian model averaging in proportional hazard models: assessing the risk of a stroke},
    author = {Volinsky, Chris T and Madigan, David and Raftery, Adrian E and Kronmal, Richard A},
    journal = {Journal of the Royal Statistical Society: Series C (Applied Statistics)},
    volume = {46},
    number = {4},
    pages = {433--448},
    year = {1997},
    publisher = {Wiley Online Library},
    addendum = {\href{https://doi.org/10.1111/1467-9876.00082}{DOI}}
}

@article{rafteryetal1996,
    title = {Accounting for model uncertainty in survival analysis improves predictive performance},
    author = {Raftery, Adrian E and Madigan, David and Volinsky, Chris T},
    journal = {Bayesian statistics},
    volume = {5},
    pages = {323--349},
    year = {1996},
    publisher = {Citeseer},
}

@article{stanleydoucouliagos2014,
    title = {Meta-regression approximations to reduce publication selection bias},
    author = {Stanley, Tom D and Doucouliagos, Hristos},
    journal = {Research Synthesis Methods},
    volume = {5},
    number = {1},
    pages = {60--78},
    year = {2014},
    publisher = {Wiley Online Library},
    addendum = {\href{https://doi.org/10.1002/jrsm.1095}{DOI}}
}


